%% LaTeX2e file `acks.bib'
%% generated by the `filecontents' environment
%% from source `CV' on 2020/06/29.
%%
@article{barley2022laredoensis,
  title={The evolutionary network of whiptail lizards reveals predictable outcomes of hybridization},
  author={Barley, Anthony J and Nieto-Montes de Oca, Adrián and Manríquez-Morán, Norma L and Thomson, Robert C},
  journal={Science},
  volume={377},
  issue={6607},
  pages={773-777},
  year={2022},
}
@article{barley2022laredoensis,
  title={Genetic diversity and the origins of parthenogenesis in the teiid lizard Aspidoscelis laredoensis},
  author={Barley, Anthony J and Cordes, James E and Walker, James M and Thomson, Robert C},
  journal={Molecular Ecology},
  volume={31},
  issue={1},
  pages={266-278},
  year={2021},
}
@article{mackay2019multitissue,
  title={Multitissue analysis of exercise and metformin on doxorubicin-induced iron dysregulation},
  author={Mackay, Amy D and Marchant, Erik D and Munk, Devin J and Watt, Richard K and Hansen, Jason M and Thomson, David M and Hancock, Chad R},
  journal={American Journal of Physiology-Endocrinology and Metabolism},
  volume={316},
  number={5},
  pages={E922--E930},
  year={2019},
  publisher={American Physiological Society Bethesda, MD}
}
@article{fonseca2018diversification,
  title={Diversification with gene flow and niche divergence in a lizard species along the South American “diagonal of open formations”},
  author={Fonseca, Emanuel M and Gehara, Marcelo and Werneck, Fernanda P and Lanna, Fl{\'a}via M and Colli, Guarino R and Sites Jr, Jack W and Rodrigues, Miguel T and Garda, Adrian A},
  journal={Journal of Biogeography},
  volume={45},
  number={7},
  pages={1688--1700},
  year={2018},
  publisher={Wiley Online Library}
}
@article{lanna2020dwarf,
  title={Dwarf geckos and giant rivers: the role of the S{\~a}o Francisco River in the evolution of \textit{Lygodactylus klugei} (Squamata: Gekkonidae) in the semi-arid Caatinga of north-eastern Brazil},
  author={Lanna, Fl{\'a}via M and Gehara, Marcelo and Werneck, Fernanda P and Fonseca, Emanuel M and Colli, Guarino R and Sites Jr, Jack W and Rodrigues, Miguel T and Garda, Adrian A},
  journal={Biological Journal of the Linnean Society},
  volume={129},
  number={1},
  pages={88--98},
  year={2020},
  publisher={Oxford University Press UK}
}
