%% LaTeX2e file `prep.bib'
%% generated by the `filecontents' environment
%% from source `CV' on 2020/06/29.
%%

@article{GarterSnake,
  title={Fluctuating environments hinder the ability of female lizards to choose suitable nest sites for their embryos},
  author={Warner, D.A. and Kelly, C. and Pruett, J.E. and Fargevieille, A. and \textbf{Klabacka, R.L.}},
  journal={accepted with minor revisions in Behavioral Ecology and Sociobiology},
  year={2023}
}

@article{GarterSnake,
  title={Evolution of targeted gene networks in divergent garter snake ecotypes},
  author={\textbf{Klabacka, Randy} and Bronikowski, Anne and McGaugh, Suzanne and Reding, Dawn and Nettleton, Daniel and Lithio, Andrew and Stevison, Laurie and Judson, Jessica and Schwartz, Tonia},
  journal={in-prep for Aging Cell},
  year={2022}
}

@article{ControversialBiolTopics,
  title={How and why instructors discuss controversial topics in biology},
  author={Beatty, A. and Henning, Jeremiah and Driessen, Amanda and Costello, Robin and Ewell, Sharday and \textbf{Klabacka, Randy} and Lamb, Todd and Mulligan, Kimberly and Fagbodum, Sheritta and Ballen, Cissy},
  journal={submitted to Cell Biology Education},
  year={2023}
}
