%% LaTeX2e file `pres.bib'
%% generated by the `filecontents' environment
%% from source `CV' on 2020/06/29.
%%
@article{EVOL21,
  title={Reduced endurance and mitochondrial respiration in hybrid asexual lizards (genus: \textit{Aspidoscelis})},
  author={\textbf{Klabacka, Randy} and Parry, Hailey and Yap, Jeff and Cook, Ryan and Herron, Tori and Horne, L Miles and Maldonado, Jos\'{e} and \'{A}lvarez, Guillermo and Kavazis, Andreas N and Oaks, Jamie R and Fujita, Matthew K and Schwartz, Tonia S},
  journal={SICB 2021},
  note={Virtual Conference (talk)},
  year={2021}
}
@article{COSAM18,
  title={Longitudinal examination of lungless salamander species (family Plethodontidae) morphology in Alabama},
  author={Cook, Ryan and \textbf{Randy Klabacka} and Tiatragul, Sarin and Ripa, Gabrielle and Wilson, Kayla and Oaks, Jamie},
  journal={COSAM Research Fair 2018},
  note={Auburn University (Poster)},
  year={2018}
}
@article{SICB21,
  title={Genomic and phenotypic evolution of targeted genenetworks in divergent garter snake ecotypes},
  author={\textbf{Klabacka, Randy} and Bronikowski, Anne and McGaugh, Suzanne and Reding, Dawn and Nettleton, Daniel and Lithio, Andrew and Stevison, Laurie and Judson, Jessica and Schwartz, Tonia},
  journal={EVOLUTION 2021},
  note={Virtual Conference (talk)},
  year={2021}
}
@article{WCH20,
  title={The powerhouse of asexual cost? Endurance and mitochondrial efficiency in parthenogenetic whiptail lizards (genus \textit{Aspidoscelis})},
  author={\textbf{Klabacka, Randy} and Parry, Hailey and Yap, Jeff and Cook, Ryan and Herron, Tori and Horne, L Miles and Maldonado, Jos\'{e} and \'{A}lvarez, Guillermo and Kavazis, Andreas N and Oaks, Jamie R and Fujita, Matthew K and Schwartz, Tonia S},
  journal={9th Annual World Congress of Herpetology},
  note={University of Otago; Dunedin, NZ (talk)},
  year={2020}
}
@article{JMIH19,
  title={Riverine barriers as potential drivers of biodiversification in the \textit{Draco maculatus} species complex of Indochina},
  author={\textbf{Klabacka, Randy} and Wood Jr, P L and McGuire, Jimmy A and Oaks, Jamie R and Grismer, L Lee and Grismer, Jesse L and Aowphol, Anchalee and Sites Jr, Jack W},
  journal={Joint Meeting of Ichthyologists and Herpetologists},
  note={Snowbird, UT (talk) *1st place in Henri Seibert Competition (Systematics \& Evolution Category)},
  year={2019}
}
@article{AGA19,
  title={Comparative examination of mitochondrial function in parthenogenetic whiptail lizards genus (\textit{Aspidoscelis})},
  author={\textbf{Klabacka, Randy} and Maldonado, Jos\'{e} and Kavazis, Andreas N and Parry, Hailey and Oaks, Jamie R and Fujita, Matthew K and Schwartz, Tonia S},
  journal={American Genetics Association Presidential Symposium},
  note={Portland, OR (poster)},
  year={2019}
}
@article{SICB19,
  title={Population genetics of the electron transport chain in snake populations exhibiting divergent resting metabolic rates},
  author={Schwartz, Tonia S and Reding, Dawn and \textbf{Randy Klabacka} and Sephick, Stephen and Stevison, Laurie and Bronikowski, Anne M},
  journal={Society for Integrative and Comparative Biology Meeting},
  note={Tampa, FL (poster)},
  year={2019}
}
@article{SSB18,
  title={Bayes factor delimitation supports population structure in Southeast Asian species complex of Agamid lizard},
  author={\textbf{Klabacka, Randy} and Wood Jr, P L and McGuire, Jimmy A and Oaks, Jamie R and Grismer, L Lee and Grismer, Jesse L and Aowphol, Anchalee and Sites Jr, Jack W},
  journal={Society for Systematic Biologists Meeting},
  note={The Ohio State University; Cleveland, OH (poster)},
  year={2018}
}
@article{JMIH17,
  title={Targeted sequence capture for functional population genomics of genetic networks: Mapping approaches for non-model organisms},
  author={Schwartz, Tonia S and Reding, Dawn and \textbf{Randy Klabacka} and Sephick, Stephen and Stevison, Laurie and Bronikowski, Anne M},
  journal={Joint Meeting of Ichthyologists and Herpetologists},
  note={Austin, TX (poster)},
  year={2017}
}
@article{SSB17,
  title={Speciation or isolated diversification: The hidden variation of \textit{Draco maculatus}},
  author={\textbf{Klabacka, Randy} and Wood Jr, P L and McGuire, Jimmy A and Grismer, L Lee and Sites Jr, Jack W},
  journal={Society for Systematic Biologists Meeting},
  note={Louisiana State University; Baton Rouge, LA (talk)},
  year={2017}
}
@article{SEPEEG16,
  title={Hidden Dragons: The molecular composition of the \textit{Draco maculatus} species complex},
  author={\textbf{Klabacka, Randy} and Wood Jr, P L and Grismer, L Lee and McGuire, Jimmy A and Sites Jr, Jack W},
  journal={South Eastern Population Ecology and Evolutionary Genetics Meeting},
  note={Madison, FL (talk)},
  year={2016}
}
@article{UCUR16,
  title={Phylogeny and species boundaries in the “flying dragons” of the \textit{Draco maculatus} species complex (family Agamidae)},
  author={\textbf{Klabacka, Randy} and Wood Jr, P L and Sites Jr, Jack W},
  journal={Utah Conference on Undergraduate Research},
  note={University of Utah; Salt Lake City, UT (poster)},
  year={2016}
}
@article{HBLL15,
  title={Phylogeny and species boundaries in the “flying dragons” of the \textit{Draco maculatus} species complex (family Agamidae)},
  author={\textbf{Klabacka, Randy} and Wood Jr, P L and Sites Jr, Jack W},
  journal={HBLL BYU Poster Competition},
  note={University of Utah; Salt Lake City, UT (poster) *3rd Place},
  year={2015}
}
@article{JMIH15,
  title={Phylogeny and biogeography of New World leaf-toed geckos, \textit{Phyllodactylus} (Phyllodactylidae: Gekkota)},
  author={\textbf{Klabacka, Randy} and Aguilar, C\'{e}sar and Bauer, Aaron M and Catenazzi, Alessandro and Greenbaum, Eli and Sites Jr, Jack W and Faldez, F and Wood Jr, Perry L and Wilkes, Ryan and Gamble, Tony},
  journal={Society for the Study of Amphibians and Reptiles Meeting},
  note={University of Kansas; Lawrence, KA (poster)},
  year={2015}
}
