%% LaTeX2e file `pubs.bib'
%% generated by the `filecontents' environment
%% from source `CV' on 2020/06/29.
  
@article{westfall2020chromosome,
  title={A chromosome-level genome assembly for the Eastern Fence Lizard (\textit{Sceloporus undulatus}), a reptile model for physiological and evolutionary ecology},
  author={Westfall, Aundrea K and Telemeco, Rory S and Grizante, Mariana B and Waits, Damien S and Clark, Amanda D and Simpson, Dasia Y and \textbf{Randy L Klabacka} and Sullivan, Alexis P and Perry, George H and Sears, Michael W and others},
  journal={GigaScience},
  year={2021},
}

@article{grismer2016two,
  title={Two new Bent-toed Geckos of the \textit{Cyrtodactylus pulchellus} complex from Peninsular Malaysia and multiple instances of convergent adaptation to limestone forest ecosystems.},
  author={Grismer, L Lee and Wood, Jr PL and Anuar, Shahrul and Grismer, Marta S and Quah, ES and Murdoch, Matthew L and Muin, Mohd Abdul and Davis, Hayden R and Aguilar, Cesar and \textbf{Randy L Klabacka} and others},
  journal={Zootaxa},
  volume={4105},
  number={5},
  pages={401--429},
  year={2016}
}
@article{davis2016phylogenetic,
  title={The phylogenetic relationships of a new Stream Toad of the genus \textit{Ansonia} Stoliczka, 1870 (Anura: Bufonidae) from a montane region in Peninsular Malaysia},
  author={Davis, Hayden R and Grismer, L Lee and \textbf{Randy L Klabacka} and Muin, Mohd Abdul and Quah, Evan SH and Anuar, Shahrul and Wood Jr, Perry L and Sites Jr, JW},
  journal={Zootaxa},
  volume={4103},
  number={2},
  pages={137--153},
  year={2016}
}
@article{klabacka2020rivers,
  title={Rivers of Indochina as potential drivers of lineage diversification in the spotted flying lizard (\textit{Draco maculatus}) species complex},
  author={\textbf{Klabacka, Randy L} and Wood Jr, Perry L and McGuire, Jimmy A and Oaks, Jamie R and Grismer, L Lee and Grismer, Jesse L and Aowphol, Anchalee and Sites Jr, Jack W},
  journal={Molecular Phylogenetics and Evolution},
  pages={106861},
  year={2020},
  publisher={Elsevier}
}
@article{gangloff2020mitochondria,
  title={Mitochondria as central characters in a complex narrative: Linking genomics, energetics, and pace-of-life in natural populations of garter snakes},
  author={Gangloff, Eric J and Schwartz, Tonia S and \textbf{Randy L Klabacka} and Huebschman, Natalie and Liu, Ang-Yu and Bronikowski, Anne M},
  journal={Experimental Gerontology},
  pages={110967},
  year={2020},
  publisher={Elsevier}
}

@article{klabacka2021whiptail,
  title={Reduced mitochondrial respiration in hybrid asexual lizards},
  author={\textbf{Klabacka, Randy L} and Parry, Hailey A and Yap, Kang Nian and Cook, Ryan A and Herron, Tori A and Horne, L. Miles and Maldonado, Jose A and Oaks, Jamie R and Kavazis, Andreas N and Fujita, Matthew K and Schwartz, Tonia S},
  journal={American Naturalist},
  year={2022},
}

@article{BiolStruggle,
  title={Why students struggle in undergraduate biology: sources and solutions},
  author={Tracy, Claire B. and Driessen, Emily and Beatty, Abby E. and Lamb, T. and Pruett, Jenna E. and Botello, Jake and Brittain, Cara and Ford, √çsada Claudio and Josefson, Chloe C. and \textbf{Randy L Klabacka} and Smith, Tyler and Steele, Ariel and Zhong, Min and Bowling, Scott and Dixon, Cindy and Ballen, Cissy},
  journal={accepted in CBE-Life Sciences Education},
  year={2022}
}

@article{RubberBoa,
  title={Genomic data reveal local endemism in Southern California Rubber Boas (Serpentes: Boidae, \textit{Charina}) and the critical need for enhanced conservation actions},
  author={Grismer, Jesse and Scott, Peter and Toffelmier, Erin and Hinds, Brian and \textbf{Randy Klabacka} and Stewart, Glenn and White, Virginia and Oaks, Jamie and Shaffer, H. Bradley},
  journal={accepted in Molecular Phylogenetics and Evolution},
  year={2022}
}
